@article{Angelov2012,
  title={A framework for analysis and design of software reference architectures},
  author={Angelov, Samuil and Grefen, Paul and Greefhorst, Danny},
  journal={Information and Software Technology},
  volume={54},
  number={4},
  pages={417--431},
  year={2012},
  publisher={Elsevier}
}

@inproceedings{Galster2011,
  title={Empirically-grounded reference architectures: a proposal},
  author={Galster, Matthias and Avgeriou, Paris},
  booktitle={Proceedings of the joint ACM SIGSOFT conference--QoSA and ACM SIGSOFT symposium--ISARCS on Quality of software architectures--QoSA and architecting critical systems--ISARCS},
  pages={153--158},
  year={2011}
}

@inproceedings{Nakagawa2014,
  title={A process to create reference architectures for software ecosystems},
  author={Nakagawa, Elisa Yumi and Oquendo, Flavio and Becker, Martin},
  booktitle={European Conference on Software Architecture},
  pages={320--337},
  year={2014},
  organization={Springer}
}

@article{Hevner2004,
  title={Design science in information systems research},
  author={Hevner, Alan R and March, Salvatore T and Park, Jinsoo and Ram, Sudha},
  journal={MIS quarterly},
  pages={75--105},
  year={2004},
  publisher={JSTOR}
}

@article{ISO29148,
  title={ISO/IEC/IEEE 29148: 2018 Systems and software engineering—Life cycle processes—Requirements engineering},
  author={{International Organization for Standardization}},
  year={2018},
  publisher={ISO}
}

@article{Chen2013,
  title={Characterizing architecturally significant requirements},
  author={Chen, Lianping and Ali Babar, Muhammad and Nuseibeh, Bashar},
  journal={IEEE software},
  volume={30},
  number={2},
  pages={38--45},
  year={2013},
  publisher={IEEE}
}

@article{Gregor2013,
  title={The anatomy of a design theory},
  author={Gregor, Shirley and Jones, David},
  journal={Journal of the Association for Information Systems},
  volume={8},
  number={5},
  pages={312--335},
  year={2013}
}

@article{Kitchenham2007,
  title={Guidelines for performing systematic literature reviews in software engineering},
  author={Kitchenham, Barbara and Charters, Stuart},
  year={2007},
  publisher={Keele University and Durham University Joint Report}
}

@article{Garousi2019,
  title={Guidelines for including grey literature and conducting multivocal literature reviews in software engineering},
  author={Garousi, Vahid and Felderer, Michael and M{\"a}ntyl{\"a}, Mika V},
  journal={Information and Software Technology},
  volume={106},
  pages={101--121},
  year={2019},
  publisher={Elsevier}
}

@book{Bogner2009,
  title={Interviewing experts},
  author={Bogner, Alexander and Littig, Beate and Menz, Wolfgang},
  year={2009},
  publisher={Springer}
}

@article{Dubois2014,
  title={Abductive reasoning in logistics research},
  author={Dubois, Anna and Gadde, Lars-Erik},
  journal={International Journal of Physical Distribution \& Logistics Management},
  year={2014},
  publisher={Emerald Group Publishing Limited}
}

@article{Galster2014,
  title={Variability in software systems—A systematic literature review},
  author={Galster, Matthias and Weyns, Danny and Tofan, Dan and Michalik, Bartosz and Avgeriou, Paris},
  journal={IEEE Transactions on Software Engineering},
  volume={40},
  number={3},
  pages={282--306},
  year={2014},
  publisher={IEEE}
}

@article{ISO42010,
  title={ISO/IEC/IEEE 42010: 2011-Systems and software engineering--Architecture description},
  author={{International Organization for Standardization}},
  year={2011},
  publisher={ISO}
}

@book{Lankhorst2017,
  title={Enterprise architecture at work},
  author={Lankhorst, Marc},
  year={2017},
  publisher={Springer}
}

@article{Kruchten1995,
  title={The 4+ 1 view model of architecture},
  author={Kruchten, Philippe B},
  journal={IEEE software},
  volume={12},
  number={6},
  pages={42--50},
  year={1995},
  publisher={IEEE}
}

@article{Runeson2009,
  title={Guidelines for conducting and reporting case study research in software engineering},
  author={Runeson, Per and H{\"o}st, Martin},
  journal={Empirical software engineering},
  volume={14},
  number={2},
  pages={131},
  year={2009},
  publisher={Springer}
}

@article{Beecham2005,
  title={Using an expert panel to validate a requirements process improvement model},
  author={Beecham, Sarah and Hall, Tracy and Rainer, Austen},
  journal={Journal of Systems and Software},
  volume={76},
  number={3},
  pages={251--275},
  year={2005},
  publisher={Elsevier}
}

@article{Martens2010,
  title={Automated evaluation of reference architectures: A case study},
  author={Martens, Anne and Koziolek, Heiko and Becker, Steffen and Reussner, Ralf},
  journal={Central European Journal of Computer Science},
  volume={1},
  number={1},
  pages={100--116},
  year={2010},
  publisher={Springer}
}

@article{Eixelsberger1998,
  title={Software architecture reconstruction: Practice needs and current approaches},
  author={Eixelsberger, Wolfgang and Ogris, Michael and Gall, Harald and Bellay, Bernhard},
  journal={IEEE Transactions on Software Engineering},
  volume={24},
  number={9},
  pages={797--812},
  year={1998},
  publisher={IEEE}
}



@article{Martínez-Fernández2013,
  title={Applying and evaluating reference architectures in a software factory},
  author={Mart{\'\i}nez-Fern{\'a}ndez, Silverio and Ayala, Claudia P and Franch, Xavier and Marques, Helena Martins},
  journal={International Journal of Software Engineering and Knowledge Engineering},
  volume={23},
  number={09},
  pages={1267--1297},
  year={2013},
  publisher={World Scientific}
}

@book{Wohlin2012,
  title={Experimentation in software engineering},
  author={Wohlin, Claes and Runeson, Per and H{\"o}st, Martin and Ohlsson, Magnus C and Regnell, Bj{\"o}rn and Wessl{\'e}n, Anders},
  year={2012},
  publisher={Springer Science \& Business Media}
}

@book{bass2012software,
  title={Software architecture in practice},
  author={Bass, Len and Clements, Paul and Kazman, Rick},
  year={2012},
  publisher={Addison-Wesley Professional}
}

@article{angelov2012framework,
  title={A framework for analysis and design of software reference architectures},
  author={Angelov, Samuil and Grefen, Paul and Greefhorst, Danny},
  journal={Information and Software Technology},
  volume={54},
  number={4},
  pages={417--431},
  year={2012},
  publisher={Elsevier}
}



@article{cloutier2010concept,
  title={The concept of reference architectures},
  author={Cloutier, Robert and Muller, Gerrit and Verma, Dinesh and Nilchiani, Roshanak and Hole, Eirik and Bone, Mary},
  journal={Systems Engineering},
  volume={13},
  number={1},
  pages={14--27},
  year={2010},
  publisher={Wiley Online Library}
}

@article{garces2021three,
  title={Three decades of software reference architectures: A systematic mapping study},
  author={Garc{\'e}s, Lina and Mart{\'\i}nez-Fern{\'a}ndez, Silverio and Oliveira, Lucas and Valle, Pablo and Ayala, Claudia and Franch, Xavier and Nakagawa, Elisa Yumi},
  journal={Journal of Systems and Software},
  volume={179},
  pages={111004},
  year={2021},
  publisher={Elsevier}
}

@inproceedings{nakagawa2014consolidating,
  title={Consolidating a process for the design, representation, and evaluation of reference architectures},
  author={Nakagawa, Elisa Yumi and Guessi, Milena and Maldonado, Jos{\'e} Carlos and Feitosa, Daniel and Oquendo, Flavio},
  booktitle={2014 IEEE/IFIP Conference on Software Architecture},
  pages={143--152},
  year={2014},
  organization={IEEE}
}

@inproceedings{dobrica2008approach,
  title={An approach to reference architecture design for different domains of embedded systems},
  author={Dobrica, Liliana and Niemela, Eila},
  booktitle={2008 International Conference on Software Engineering Research \& Practice},
  pages={287--293},
  year={2008}
}

@inproceedings{galster2011empirically,
  title={Empirically-grounded reference architectures: a proposal},
  author={Galster, Matthias and Avgeriou, Paris and Weyns, Danny and Mannisto, Tomi},
  booktitle={Proceedings of the joint ACM SIGSOFT conference--QoSA and ACM SIGSOFT symposium--ISARCS on Quality of software architectures--QoSA and architecting critical systems--ISARCS},
  pages={153--158},
  year={2011}
}

@inproceedings{muller2008right,
  title={Right sizing reference architectures-how to provide specific guidance with limited information},
  author={Muller, Gerrit and Laar, Pierre van de},
  booktitle={INCOSE International Symposium},
  volume={18},
  number={1},
  pages={2047--2058},
  year={2008},
  organization={Wiley Online Library}
}

@inproceedings{martinez2015aggregating,
  title={Aggregating empirical evidence about the benefits and drawbacks of software reference architectures},
  author={Mart{\'\i}nez-Fern{\'a}ndez, Silverio and Dos Santos, Paulo Sergio Medeiros and Ayala, Claudia P and Franch, Xavier and Travassos, Guilherme Horta},
  booktitle={2015 ACM/IEEE International Symposium on Empirical Software Engineering and Measurement (ESEM)},
  pages={1--10},
  year={2015},
  organization={IEEE}
}

@article{weyrich2015reference,
  title={Reference architectures for the internet of things},
  author={Weyrich, Michael and Ebert, Christof},
  journal={IEEE software},
  volume={33},
  number={1},
  pages={112--116},
  year={2015},
  publisher={IEEE}
}

@article{garciamoreno2020microservices,
  title={A microservices e-health system for ecological frailty assessment using wearables},
  author={Garcia-Moreno, Francisco M and Bermudez-Edo, Maria and Garrido, Jose Luis and Rodríguez-García, Emilio and Pérez-Mármol, José M and Rodríguez-Fórtiz, María J},
  journal={Sensors},
  volume={20},
  number={12},
  pages={3427},
  year={2020},
  publisher={Multidisciplinary Digital Publishing Institute}
}

@article{nakagawa2011aspect,
  title={An aspect-oriented reference architecture for software engineering environments},
  author={Nakagawa, Elisa Yumi and Ferrari, Fabiano Cutigi and Sasaki, Michael Mory Fekete and Maldonado, Jose Carlos},
  journal={Journal of systems and software},
  volume={84},
  number={10},
  pages={1670--1684},
  year={2011},
  publisher={Elsevier}
}

@inproceedings{antinyan2020revealing,
  title={Revealing the complexity of automotive software},
  author={Antinyan, Vard},
  booktitle={Proceedings of the 28th ACM Joint Meeting on European Software Engineering Conference and Symposium on the Foundations of Software Engineering},
  pages={1525--1528},
  year={2020}
}

@article{kitchenham2007guidelines,
  title={Guidelines for performing systematic literature reviews in software engineering},
  author={Kitchenham, Barbara and Charters, Stuart},
  year={2007},
  publisher={Citeseer}
}

@article{runeson2009guidelines,
  title={Guidelines for conducting and reporting case study research in software engineering},
  author={Runeson, Per and H{\"o}st, Martin},
  journal={Empirical software engineering},
  volume={14},
  pages={131--164},
  year={2009},
  publisher={Springer}
}

@article{shaw2003writing,
  title={Writing good software engineering research papers},
  author={Shaw, Mary},
  journal={25th International Conference on Software Engineering, 2003. Proceedings.},
  pages={726--736},
  year={2003},
  publisher={IEEE}
}

@book{yin2017case,
  title={Case study research and applications: Design and methods},
  author={Yin, Robert K},
  year={2017},
  publisher={Sage publications}
}

@article{avgeriou2011practical,
  title={Practical considerations on the use of reference architectures},
  author={Avgeriou, Paris and Stal, Michael},
  journal={Journal of Systems and Software},
  volume={84},
  number={9},
  pages={1568--1578},
  year={2011},
  publisher={Elsevier}
}

@book{oates2005researching,
  title={Researching information systems and computing},
  author={Oates, Briony J},
  year={2005},
  publisher={Sage}
}

@article{martinez2013practical,
  title={Practical experiences in designing and conducting empirical studies in industry-academia collaboration},
  author={Mart{\'\i}nez-Fern{\'a}ndez, Silverio and Ayala, Claudia P and Franch, Xavier and Marques, Helena Martins},
  journal={Proceedings of the 2nd International Workshop on Conducting Empirical Studies in Industry},
  pages={15--20},
  year={2013}
}


@article{Angelov2012Designing,
  title={Designing and applying an approach to software reference architecture evaluation},
  author={Angelov, Samuil and Trienekens, Jos JM and Grefen, Paul},
  journal={Information and Software Technology},
  volume={54},
  number={9},
  pages={1012--1028},
  year={2012},
  publisher={Elsevier}
}